
@article{barnes1986,
  title={A hierarchical {$O(NlogN)$} force-calculation algorithm},
  author={Barnes, Josh and Hut, Piet},
  journal={Nature},
  volume={324},
  pages={446-449},
  year={1986},
  publisher={Nature Publishing Group}
}

@article{dror2013,
  title={Structural basis for modulation of a G-protein-coupled receptor by allosteric drugs},
  author={Dror, RO and Green, HF and Valant, C and Borhani, DW and Valcourt, JR and Pan, AC and Arlow, DH and Canals, M and Lane, JR and Rahmani, R and Baell, JB and Sexton, PM and Christopoulos, A and Shaw, DE},
  journal={Nature},
  volume={503},
  number={7475},
  pages={295-299},
  year={2013},
  publisher={Nature Publishing Group}
}

@article{treuel2013,
  title={Impact of Protein Modification on the Protein Corona on Nanoparticles and Nanoparticle–Cell Interactions},
  author={Treuel, L and Brandholt, S and Maffre, P and Wiegele, S and Shang, L and Nienhaus, GU},
  journal={ACS Nano},
  volume={8},
  number={1},
  pages={503-513},
  year={2013},
  publisher={}
}

@article{nienhaus2013,
  title={Studying the Protein Corona on Nanoparticles by FCS},
  author={Nienhaus, GU and Maffre, P and Nienhaus, K},
  journal={Methods in Enzymology},
  editor={Sergey, YT},
  pages={115-137},
  year={2013},
  publisher={Academic Press}
}

@article{depaoli2014,
  title={The effect of protein corona composition on the interaction of carbon nanotubes with human blood platelets},
  author={De Paoli, SH and Diduch, LL and Tegegn, TZ and Orecna, M and Strader, MB and Karnaukhova, E and Bonevich, JE and Holada, K and Simak, J},
  journal={Biomaterials},
  volume={35},
  number={24},
  pages={6182-6194},
  year={2014},
  publisher={}
}

@article{lipfert2014,
  title={Understanding Nucleic Acid–Ion Interactions},
  author={Lipfert, J and Doniach, S and Das, R and Herschlag, D},
  journal={Annual Review of Biochemistry},
  volume={83},
  number={1},
  pages={813-841},
  year={2014},
  publisher={}
}

@article{giambasu2014,
  title={Ion Counting from Explicit-Solvent Simulations and 3D-RISM},
  author={Giambasu, George M and Luchko, T and Herschlag, D and York, Darrin M and Case, David A},
  journal={Biophysical Journal},
  volume={106},
  number={4},
  pages={883-894},
  year={2014},
  publisher={}
}

@article{roberts2013,
  title={DOT2: Macromolecular docking with improved biophysical models},
  author={Roberts, VA and Thompson, EE and Pique, ME and Perez, MS and Ten Eyck, LF},
  journal={J. Comp. Chem.},
  volume={34},
  number={20},
  pages={1743-1758},
  year={2013},
  publisher={Wiley}
}

@article{northrup1984,
  title={Brownian dynamics simulation of diffusion influenced bimolecular reactions},
  author={Northrup, S.H. and Allison, S.A. and McCammon, J.A.},
  journal={J. Chem. Phys.},
  volume={80},
  pages={1517-1524},
  year={1984},
  publisher={AIP Publishing}
}

@article{spiga2013,
  title={Brownian dynamics simulation of diffusion influenced bimolecular reactions},
  author={Spiga, E and Alemani, D and Degiacomi, MT and Cascella, M and Peraro, MD},
  journal={J. Chem. Therory and Comp.},
  volume={9},
  number={8},
  pages={3515-3526},
  year={2013},
  publisher={}
}

@article{stansfeld2015,
  title={MemProtMD: Automated Insertion of Membrane Protein Structures into Explicit Lipid Membranes},
  author={Stansfeld, Phillip J and Goose, Joseph E and Caffrey, M and Carpenter, Elisabeth P and Parker, Joanne L and Newstead, S and Sansom, Mark SP},
  journal={Structure},
  volume={23},
  number={7},
  pages={1350-1361},
  year={2015},
  publisher={}
}

@article{richter2008,
  title={webPIPSA: a web server for the comparison of protein interaction properties},
  author={Richter, S and Wenzel, A and Stein, M and Gabdoulline, RR and Wade, RC},
  journal={Nucleic Acids Research},
  volume={36},
  number={suppl_2},
  pages={W276-W280},
  year={2008},
  publisher={}
}

@article{martinez2015,
  title={SDA 7: A modular and parallel implementation of the simulation of diffusional association software},
  author={Martinez, M and Bruce, NJ and Romanowska, J and Kokh, DB and Ozboyaci, M and Yu, X and Öztürk, MA and Richter, S and Wade, RC},
  journal={J. Comp. Chem.},
  volume={36},
  number={21},
  pages={1631-1645},
  year={2015},
  publisher={}
}

@article{chen2007,
  title={Finite element analysis of the time-dependent Smoluchowski equation for acetylcholinesterase reaction rate calculations},
  author={Cheng, Y and Suen, JK and Zhang, D and Bond, SD and Zhang, Y and Song, Y and Baker, NA and Bajaj, CL and Holst, MJ and McCammon, JA},
  journal={Biophysical Journal},
  volume={92},
  number={10},
  pages={3397-3406},
  year={2007},
  publisher={}
}

@article{song2004a,
  title={Continuum diffusion reaction rate calculations of wild-type and mutant mouse acetylcholinesterase: adaptive finite element analysis},
  author={Song, Y and Zhang, Y and Bajaj, CL and Baker, NA},
  journal={Biophysical Journal},
  volume={87},
  number={3},
  pages={1558-1566},
  year={2004},
  publisher={}
}

@article{song2004b,
  title={Finite element solution of the steady-state Smoluchowski equation for rate constant calculations},
  author={Song, Y and Zhang, Y and Shen, T and Bajaj, CL and McCammon, JA and Baker, NA},
  journal={Biophysical Journal},
  volume={86},
  number={4},
  pages={2017-2029},
  year={2004},
  publisher={}
}

@article{elcock2004,
  title={Molecular Simulations of Diffusion and Association in Multimacromolecular Systems},
  author={Elcock, AH},
  journal={Methods in Enzymology},
  pages={166-198},
  year={2004},
  publisher={Academic Press}
}

@article{mereghetti2012,
  title={Atomic Detail Brownian Dynamics Simulations of Concentrated Protein Solutions with a Mean Field Treatment of Hydrodynamic Interactions},
  author={Mereghetti, P and Wade, RC},
  journal={J. Phy. Chem.},
  volume={116},
  number={29},
  pages={8523-8533},
  year={2012},
  publisher={}
}

@article{baker2001,
  title={Electrostatics of nanosystems: application to microtubules and the ribosome},
  author={Baker, NA and Sept, D and Joseph, S and Holst, MJ and McCammon, JA},
  journal={Proc. Natl. Acad. Sci. USA},
  volume={98},
  pages={10037-10041},
  year={2001}
}

@article{decherchi2013,
  title={A general and robust ray-casting-based algorithm for triangulating surfaces at the nanoscale},
  author={Decherchi, Sergio and Rocchia, Walter},
  journal={PLoS ONE},
  volume={8},
  number={4},
  pages={e59744},
  year={2013},
  publisher={Public Library of Science}
}

@article{saad1986,
  title={GMRES: A generalized minimal residual algorithm for solving nonsymmetric linear systems},
  author={Saad, Y. and Schultz, M.},
  journal={J. Sci. Statist. Comput.},
  volume={7},
  pages={856-869},
  year={1986},
  publisher={SIAM}
}

@article{dolinsky2004,
  title={PDB2PQR: an automated pipeline for the setup of Poisson--Boltzmann electrostatics calculations},
  author={Dolinsky, Todd J and Nielsen, Jens E and McCammon, J Andrew and Baker, Nathan A},
  journal={Nucleic Acids Res.},
  volume={32},
  number={suppl 2},
  pages={W665--W667},
  year={2004},
  publisher={Oxford Univ Press}
}

@article{dolinsky2007,
  title={PDB2PQR: expanding and upgrading automated preparation of biomolecular structures for molecular simulations},
  author={Dolinsky, Todd J and Czodrowski, Paul and Hui, Li and Nielsen, Jens E and Jensen, Jan H and Klebe, Gerhard and Baker, Nathan A},
  journal={Nucleic Acids Res.},
  volume={35},
  pages={W522--W525},
  year={2007},
  publisher={Oxford Univ Press}
}

@article{ermak1978,
  title={Brownian dynamics with hydrodynamic interactions},
  author={Ermak, Donald and McCammon, J. A. },
  journal={J. Chem. Phys.},
  volume={69},
  number={4},
  pages={1352--1360},
  year={1978},
  publisher={AIP Publishing}
}

@article{geng2013,
  title={A treecode-accelerated boundary integral Poisson-Boltzmann solver for electrostatics of solvated biomolecules},
  author={Geng, Weihua and Krasny, Robert},
  journal={J. Comp. Phys.},
  volume={247},
  pages={62-78},
  year={2013},
  publisher={Elsevier}
}

@article{li2009,
  title={A Cartesian treecode for screened coulomb interactions},
  author={Li, Peijun and Johnston, Hans and Krasney, Robert},
  journal={J. Comp. Phys.},
  volume={228},
  pages={3858-3868},
  year={2009},
  publisher={Elsevier}
}

@article{holst2001,
  title={Adaptive numerical treatment of elliptic systems on manifolds},
  author={Holst, Michael},
  journal={J. Comp. Math.},
  volume={15},
  pages={139-191},
  year={2001}
}

@book{golub1996,
 author = {Golub, Gene H. and Van Loan, Charles F.},
 title = {Matrix Computations (3rd Ed.)},
 year = {1996},
 isbn = {0-8018-5414-8},
 publisher = {Johns Hopkins University Press},
 address = {Baltimore, MD, USA},
}

@article{chen2010,
  title={Differential geometry based solvation model I: Eulerian formulation},
  author={Chen, Zhan and Baker, Nathan A. and Wei, Guowei},
  journal={J. Comp. Phys.},
  volume={229},
  pages={8231-8258},
  year={2010},
  publisher={Elsevier}
}

@article{thomas2013,
  title={Parameterization of a geometric flow implicit solvation model},
  author={Thomas, Dennis G. and Chun, Jaehun and Chen, Zhan and Wei, Guowei and Baker, Nathan A.},
  journal={J. Comp. Chem.},
  volume={34},
  pages={687-695},
  year={2013},
  URL = {http://dx.doi.org/10.1002/jcc.23181},
  publisher={Wiley Online Library}
}

@article{pettersen2004,
  title={UCSF Chimera--a visualization system for exploratory research and analysis},
  author={Pettersen, EF and Goddard, TD and Huang, CC and Couch, GS and Greenblatt, DM and Meng, EC and Ferrin, TE},
  journal={J. Comp. Chem.},
  volume={13},
  pages={1605-1612},
  year={2004},
  publisher={Wiley Online Library}
}

@article{case2005,
  title={The Amber biomolecular simulation programs},
  author={Case, DA and Cheatham, TE and Darden, T and Gohlke, H and Luo, R and Merz, KM and Onufriev, A and Simmerling, C and Wang, B and Woods, RJ},
  journal={J. Comp. Chem.},
  volume={26},
  number={16},
  pages={1668-1688},
  year={2005},
  publisher={Wiley}
}

@article{brooks2009,
  title={CHARMM: The biomolecular simulation program},
  author={Brooks, BR and Brooks, CL adn Mackerell, AD and Nilsson, L and Petrella, RJ and Roux, B and Won, Y and Archontis, G and Bartels, C and Boresch, S and Caflisch, A and Caves, L and Cui, Q and Dinner, AR and Feig, M and Fischer, S and Gao, J and Hodoscek, M and Im, W and Kuczera, K and Lazaridis, T and Ma, J and Ovchinnikov, V and Paci, E and Pastor, RW and Post, CB and Pu, JZ and Schaefer, M and Tidor, B and Venable, RM and Woodcock, HL and Wu, X and Yang, W and York, DM and Karplus, M},
  journal={J. Comp. Chem.},
  volume={30},
  number={10},
  pages={1545-1614},
  year={2009},
  publisher={Wiley}
}

@article{purvine2016,
  title={Energy Minimization of Discrete Protein Titration State Models Using Graph Theory},
  author={Purvine, Emilie and Monson, Kyle and Jurrus, Elizabeth and Starr, Keith and Baker, Nathan A.},
  journal={J. Phys. Chem.},
  volume={120},
  pages={8354-8360},
  year={2016},
  URL = {http://dx.doi.org/10.1021/acs.jpcb.6b02059},
  publisher={ACS Publications}
}

@article{herraez2006,
  title={Biomolecules in the computer: Jmol to the rescue},
  author={Herraez, Angel},
  journal={Biochemistry and Molecular Biology Education},
  volume={34},
  number={4},
  pages={255--261},
  year={2006},
  publisher={Wiley Online Library}
}

@article{humphrey1996,
  title={VMD: Visual Molecular Dynamics},
  author={Humphrey, William and Dalke, Andrew and Schulten, Klaus},
  journal={J. Mol. Graph.},
  volume={14},
  number={1},
  pages={33--38},
  year={1996},
  publisher={Elsevier}
}

@article{jones2005,
  title={Molecular visualization in chemistry education: the role of multidisciplinary collaboration},
  author={Jones, Loretta L and Jordan, Kenneth D and Stillings, Neil A},
  journal={Chemistry Education Research and Practice},
  volume={6},
  number={3},
  pages={136--149},
  year={2005},
  publisher={Royal Society of Chemistry}
}

@article{juffer1991,
  title={The electric potential of a macromolecule in a solvent: A fundamental approach},
  author={Juffer, Andr\'{e} and Botta, Eugen and van Keulen, Bert and van der Ploeg, Auke and Berendsen, Herman},
  journal={J. Comp. Phys.},
  volume={97},
  number={1},
  pages={144-171},
  year={1991},
  publisher={Elsevier}
}

@article{sarkar2013,
  title={DelPhi web server: A comprehensive online suite for electrostatic calculations of biological macromolecules and their complexes},
  author={Sarkar, S and Witham, S and Zhang, J and Zhenirovskyy, M and Rocchia, W and Alexov, E},
  journal={Comm. Comp. Phys.},
  volume={13},
  number={1},
  pages={269-284},
  year={2013}
}

@inproceedings{krishnan2009,
  title={Design and evaluation of opal2: A toolkit for scientific software as a service},
  author={Krishnan, Sriram and Clementi, Luca and Ren, Jingyuan and Papadopoulos, Philip and Li, Wilfred},
  booktitle={Services-I, 2009 World Conference on},
  pages={709-716},
  year={2009},
  url={http://nbcr-222.ucsd.edu/opal2/dashboard},
  organization={IEEE}
}

@article{bochevarov2013,
  title={Jaguar: A high-performance quantum chemistry software program with strengths in life and materials sciences},
  author={Bochevarov, AD and Harder, E and Hughes, TF and Greenwood, JR and Braden, DA and Philipp, DM and Rinaldo, D and Halls, MD and Zhang, J and Friesner, RA},
  journal={International J. of Quantum Chem.},
  volume={113},
  number={18},
  pages={2110-2142},
  year={2013}
}

@article{grant2001,
  title={A smooth permittivity function for Poisson-Boltzmann solvation methods},
  author={Grant, JA and Pickup, BT and Nicholls, A},
  journal={J. Comp. Chem.},
  volume={22},
  pages={608-640},
  year={2001},
  publisher={Wiley}
}

@article{chen2011,
  title={MIBPB: A software package for electrostatic analysis},
  author={Chen, D and Chen, Z and Chen, C and Geng, W and Wei, GW},
  journal={J. Comp. Chem.},
  volume={32},
  number={4},
  pages={756-770},
  year={2011},
  publisher={Wiley}
}

@inproceedings{evangelidis2012,
  title={An integrated workflow for proteome-wide off-target identification and polypharmacology drug design},
  author={Evangelidis, T. and Bourne, P.E. and Xie, L. and Xie, L.},
  booktitle={International Conference on Bioinformatics and Biomedicine Workshops},
  pages={32-39},
  year={2009},
  url={doi: 10.1109/BIBMW.2012.6470348},
  organization={IEEE}
}

@article{lotan2006,
   author = {Lotan, Itay and Head-Gordon, Teresa},
   title = {An Analytical Electrostatic Model for Salt Screened Interactions between Multiple Proteins},
   journal = {J. Chem. Theory and Comp.},
   volume = {2},
   number = {3},
   pages = {541-555},
   year = {2006},
   doi = {10.1021/ct050263p},
   note ={PMID: 26626662},
   URL = {http://dx.doi.org/10.1021/ct050263p},
   eprint = {http://dx.doi.org/10.1021/ct050263p}
}

@article{yap2010,
   author = {Yap, E. H. and Head-Gordon, T.},
   title = {A New and Efficient Poisson-Boltzmann Solver for Interaction of Multiple Proteins},
   journal = {J. Chem. Theory Comp.},
   volume = {6},
   number = {7},
   pages = {2214-2224},
   ISSN = {1549-9626 (Electronic) 1549-9618 (Linking)},
   url = {http://www.ncbi.nlm.nih.gov/pubmed/20711494},
   year = {2010},
   type = {Journal Article}
}

@article{yap2013,
   author = {Yap, E. H. and Head-Gordon, T.},
   title = {Calculating the Bimolecular Rate of Protein-Protein Association with Interacting Crowders},
   journal = {J. Chem. Theory Comp.},
   volume = {9},
   number = {5},
   pages = {2481-9},
   ISSN = {1549-9618 (Print) 1549-9618 (Linking)},
   DOI = {10.1021/ct400048q},
   url = {http://www.ncbi.nlm.nih.gov/pubmed/26583736},
   year = {2013},
   type = {Journal Article}
}

@article{rego2015,
  title={3Dmol. js: molecular visualization with WebGL},
  author={Rego, Nicholas and Koes, David},
  journal={Bioinformatics},
  volume={31},
  number={8},
  pages={1322--1324},
  year={2015},
  url={http://3dmol.csb.pitt.edu/},
  publisher={Oxford Univ Press}
}

@article{ren2012,
  title={Biomolecular electrostatics and solvation: a computational perspective},
  author={Ren, Pengyu and Chun, Jaehun and Thomas, Dennis G and Schnieders, Michael J and Marucho, Marcelo and Zhang, Jiajing and Baker, Nathan A},
  journal={Quarterly reviews of biophysics},
  volume={45},
  number={04},
  pages={427--491},
  year={2012},
  publisher={Cambridge University Press}
}

@inproceedings{sanner1995,
  title={Fast and robust computation of molecular surfaces},
  author={Sanner, Michel and Olson, Arthur and Spehner, Jean Claude},
  booktitle={Proc 11th ACM Symp Comp Geom},
  pages={C6-C7},
  year={1995},
  organization={ACM}
}

@article{barnes1986,
  title={A hierarchical {$O(NlogN)$} force-calculation algorithm},
  author={Barnes, Josh and Hut, Piet},
  journal={Nature},
  volume={324},
  pages={446-449},
  year={1986},
  publisher={Nature Publishing Group}
}

@article{liPROPKA2005,
  title={Very fast empirical prediction and rationalization of protein pKa values},
  author={Li, H. and Robertson, A. D. and Jensen, J. H.},
  journal={Proteins},
  volume={61},
  pages={704–721},
  year={2005},
  publisher={Wiley}
}

@article{sondergaard2011,
  title={Improved Treatment of Ligands and Coupling Effects in Empirical Calculation and Rationalization of pKa Values},
  author={Sondergaard, Chresten R. and  Olsson, Mats HM and Rostkowski, Michal and Jensen, Jan H.},
  journal={J. Chem. Theory Comp.},
  volume={7},
  number={7},
  pages={2284-2295},
  year={2011},
  type = {Journal Article}
}